%% This BibTeX bibliography file was created using BibDesk.
%% http://bibdesk.sourceforge.net/


%% Created for Lauro Cesar Araujo at 2015-04-27 19:43:45 -0300 


%% Saved with string encoding Unicode (UTF-8) 

%% my references

@article{elielCruz,
	Author = {Eliel Silva da Cruz},
	Title = {A Educação a Distância como Instrumento de Ampliação de Oportunidades Educacionais},
	Year = {2018}}

@online{censoInep,
  author = { Instituto Nacional de Estudos e Pesquisas Educacionais Anísio Teixeira {INEP}},
  title = {Censo da Educação Superior de 2017},
  year = 2017,
  url = {https://inepdata.inep.gov.br},
  urldate = {2020-04-23}
}

@online{googleTrends,
  author = { Google Trends },
  title = {Interesse sobre o COVID-19 de fevereiro a abril de 2020},
  year = 2020,
  url = {https://trends.google.com/trends/explore?q=Covid19},
  urldate = {2020-04-23}
}

% covid and EAD

@article{xie2020autonomous,
  title={Autonomous learning of elementary students at home during the COVID-19 epidemic: A case study of the second elementary school in Daxie, Ningbo, Zhejiang Province, China},
  author={Xie, Zhuodan and Yang, Jiani},
  journal={Ningbo, Zhejiang Province, China (March 15, 2020)},
  Number = {2},
  Volume = {4},
  year={2020}
}

@article{zhou2020school,
  title={'School’s Out, But Class’ On', The Largest Online Education in the World Today: Taking China’s Practical Exploration During The COVID-19 Epidemic Prevention and Control As an Example},
  author={Zhou, Longjun and Wu, Shanshan and Zhou, Ming and Li, Fangmei},
  journal={But Class’ On', The Largest Online Education in the World Today: Taking China’s Practical Exploration During The COVID-19 Epidemic Prevention and Control As an Example (March 15, 2020)},
  year={2020}
}

@article{georgia,
  title={Replacing the Classic Learning Form at Universities as an Immediate Response to the COVID-19 Virus Infection in Georgia},
  author={Basilaia, Giorgi and Dgebuadze, Marine and Kantaria, Mikheil and Chokhonelidze, Girshel},
  journal={International Journal for Research in Applied Science \& Engineering Technology (IJRASET)},
  volume={8},
  pages={101--108},
  year={2020}
}

@article{oranburg2020distance,
  title={Distance Education in the Time of Coronavirus: Quick and Easy Strategies for Professors},
  author={Oranburg, Seth},
  journal={Available at SSRN},
  year={2020}
}

@article{huang2020handbook,
  title={Handbook on Facilitating Flexible Learning During Educational Disruption: The Chinese Experience in Maintaining Undisrupted Learning in COVID-19 Outbreak},
  author={Huang, RH and Liu, DJ and Tlili, A and Yang, JF and Wang, HH and others},
  journal={Beijing: Smart Learning Institute of Beijing Normal University},
  year={2020}
}

@article{butcher2020public,
  title={Public-private virtual-school partnerships and federal flexibility for schools during COVID-19},
  author={Butcher, Jonathan},
  journal={Mercatus Center Research Paper Series, Special Edition Policy Brief (2020)},
  year={2020}
}

@article{reich2020remote,
  title={Remote Learning Guidance From State Education Agencies During the COVID-19 Pandemic: A First Look},
  author={Reich, Justin and Buttimer, Christopher J and Fang, Alison and Hillaire, Garron and Hirsch, Kelley and Larke, Laura and Littenberg-Tobias, Joshua and Moussapour, Roya Madoff and Napier, Alyssa and Thompson, Meredith and others},
  year={2020},
  publisher={EdArXiv}
}

@article{pastor2020sentiment,
  title={Sentiment Analysis on Synchronous Online Delivery of Instruction due to Extreme Community Quarantine in the Philippines caused by Covid-19 Pandemic},
  author={Pastor, Cherish Kay Landicho},
  journal={Asian Journal of Multidisciplinary Studies},
  volume={3},
  number={1},
  pages={1--6},
  year={2020}
}

@article{abidah2020impact,
  title={The Impact of Covid-19 to Indonesian Education and Its Relation to the Philosophy of “Merdeka Belajar”},
  author={Abidah, Azmil and Hidaayatullaah, Hasan Nuurul and Simamora, Roy Martin and Fehabutar, Daliana and Mutakinati, Lely},
  journal={Studies in Philosophy of Science and Education},
  volume={1},
  number={1},
  pages={38--49},
  year={2020}
}

@article{camacho2020tutoring,
  title={Tutoring in distance education in times of COVID-19: relevant guidelines},
  author={Camacho, Alessandra Concei{\c{c}}{\~a}o Leite Funchal and Joaquim, Fabiana Lopes and de Menezes, Harlon Fran{\c{c}}a and Sant’Anna, Rosana Moreira},
  journal={Research, Society and Development},
  volume={9},
  number={5},
  pages={30953151},
  year={2020}
}

@article{chick2020using,
  title={Using Technology to Maintain the Education of Residents During the COVID-19 Pandemic},
  author={Chick, Robert Connor and Clifton, Guy Travis and Peace, Kaitlin M and Propper, Brandon W and Hale, Diane F and Alseidi, Adnan A and Vreeland, Timothy J},
  journal={Journal of Surgical Education},
  year={2020},
  publisher={Elsevier}
}

%COVID only

@article{salathe2020covid,
  title={COVID-19 epidemic in Switzerland: on the importance of testing, contact tracing and isolation},
  author={Salath{\'e}, Marcel and Althaus, Christian L and Neher, Richard and Stringhini, Silvia and Hodcroft, Emma and Fellay, Jacques and Zwahlen, Marcel and Senti, Gabriela and Battegay, Manuel and Wilder-Smith, Annelies and others},
  journal={Swiss medical weekly},
  volume={150},
  number={1112},
  year={2020},
  publisher={EMH Media}
}

@misc{watkins2020preventing,
  title={Preventing a covid-19 pandemic},
  author={Watkins, John},
  year={2020},
  publisher={British Medical Journal Publishing Group}
}

@article{desai2020stopping,
  title={Stopping the Spread of COVID-19},
  author={Desai, Angel N and Patel, Payal},
  journal={Jama},
  volume={323},
  number={15},
  pages={1516--1516},
  year={2020},
  publisher={American Medical Association}
}

% EAD only


%
@article{landim,
  title={A EDUCAÇÃO À DISTÂNCIA HISTÓRIA CONCEPÇÕES E PERSPECTIVAS},
  author={Cláudia Maria das Mercês Paes Ferreira Landim},
  year={1997}
}


%
@article{jorgeEad,
  title={Educação à distância: algumas considerações},
  author={Jorge Fernando Hermida and Cláudia Ramos de Souza Bonfim},
  year={2006},
  publisher={HISTEDBR}
}



@article{arieira2009avaliaccao,
  title={Avalia{\c{c}}{\~a}o do aprendizado via educa{\c{c}}{\~a}o a dist{\^a}ncia: a vis{\~a}o dos discentes},
  author={Arieira, Jailson de Oliveira and Dias-Arieira, Cl{\'a}udia Regina and Fusco, Jos{\'e} Paulo Alves and Sacomano, Jos{\'e} Benedito and Bettega, Maria Odette de Pauli},
  journal={Ensaio: avalia{\c{c}}{\~a}o e pol{\'\i}ticas p{\'u}blicas em Educa{\c{c}}{\~a}o},
  volume={17},
  number={63},
  pages={313--340},
  year={2009},
  publisher={SciELO Brasil}
}

@article{benakouche2000educaccao,
  title={Educa{\c{c}}{\~a}o a dist{\^a}ncia (EaD): uma solu{\c{c}}{\~a}o ou um problema?},
  author={Benakouche, Tamara},
  year={2000},
  publisher={ISEG-SOCIUS}
}

@article{almeida2003educaccao,
  title={Educa{\c{c}}{\~a}o a dist{\^a}ncia na internet: abordagens e contribui{\c{c}}{\~o}es dos ambientes digitais de aprendizagem},
  author={Almeida, Maria Elizabeth Bianconcini de},
  journal={Educa{\c{c}}{\~a}o e pesquisa},
  volume={29},
  number={2},
  pages={327--340},
  year={2003},
  publisher={SciELO Brasil}
}

% metodologia e pesquisa

%
@article{santos,
  title={Pesquisa quantitativa versus pesquisa qualitativa: o desafio paradigmático},
  author={João Camilo dos Santos Filho},
  year={2001},
  publisher={Pesquisa educacional: quantidade-qualidade}
}

%% end of my references


@book{ibge1993,
	Address = {Rio de Janeiro},
	Author = {IBGE},
	Date-Added = {2013-08-21 13:56:10 +0000},
	Date-Modified = {2013-08-21 13:56:10 +0000},
	Edition = {3},
	Organization = {http://biblioteca.ibge.gov.br/visualizacao/livros/liv23907.pdf},
	Publisher = {Centro de Documenta{\c c}{\~a}o e Dissemina{\c c}{\~a}o de Informa{\c c}{\~o}es. Funda{\c c}{\~a}o Intituto Brasileiro de Geografia e Estat{\'\i}stica},
	Title = {Normas de apresenta{\c c}{\~a}o tabular},
	Urlaccessdate = {21 ago 2013},
	Year = {1993}}

@misc{abntex2-wiki-como-customizar,
	Author = {Lauro C{\'e}sar Araujo},
	Date-Added = {2013-03-23 21:39:21 +0000},
	Date-Modified = {2015-04-27 22:43:06 +0000},
	Howpublished = {Wiki do abnTeX2},
	Keywords = {wiki},
	Title = {Como customizar o abnTeX2},
	Url = {https://github.com/abntex/abntex2/wiki/ComoCustomizar},
	Urlaccessdate = {27 abr 2015},
	Year = {2015},
	Bdsk-Url-1 = {https://github.com/abntex/abntex2/wiki/ComoCustomizar}}

@manual{talbot2012,
	Author = {Nicola L.C. Talbot},
	Date-Added = {2013-03-11 12:06:04 +0000},
	Date-Modified = {2013-03-11 12:06:56 +0000},
	Month = {Nov.},
	Title = {User Manual for glossaries.sty},
	Url = {http://mirrors.ctan.org/macros/latex/contrib/glossaries/glossaries-user.pdf},
	Urlaccessdate = {11 mar. 2013},
	Year = {2012},
	Bdsk-Url-1 = {http://mirrors.ctan.org/macros/latex/contrib/glossaries/glossaries-user.pdf}}

@manual{babel,
	Author = {Johannes Braams},
	Date-Added = {2013-02-17 13:37:14 +0000},
	Date-Modified = {2013-02-17 13:38:38 +0000},
	Month = {Apr.},
	Title = {Babel, a multilingual package for use with LATEX's standard document classes},
	Url = {http://mirrors.ctan.org/info/babel/babel.pdf},
	Urlaccessdate = {17 fev. 2013},
	Year = {2008},
	Bdsk-Url-1 = {http://mirrors.ctan.org/info/babel/babel.pdf}}

@manual{abntex2modelo-artigo,
	Annote = {Este documento {\'e} derivado do \cite{abnt-bibtex-doc}},
	Author = {Lauro C{\'e}sar Araujo},
	Date-Added = {2013-01-15 00:10:35 +0000},
	Date-Modified = {2015-04-27 22:43:13 +0000},
	Organization = {Equipe abnTeX2},
	Title = {Modelo Can{\^o}nico de Artigo Cient{\'\i}fico com abnTeX2},
	Url = {http://www.abntex.net.br/},
	Year = {2015},
	Bdsk-Url-1 = {http://www.abntex.net.br/}}

@manual{abntex2modelo-relatorio,
	Annote = {Este documento {\'e} derivado do \cite{abnt-bibtex-doc}},
	Author = {Lauro C{\'e}sar Araujo},
	Date-Added = {2013-01-15 00:05:34 +0000},
	Date-Modified = {2015-04-27 22:43:18 +0000},
	Organization = {Equipe abnTeX2},
	Title = {Modelo Can{\^o}nico de Relat{\'o}rio T{\'e}cnico e/ou Cient{\'\i}fico com abnTeX2},
	Url = {http://www.abntex.net.br/},
	Year = {2015},
	Bdsk-Url-1 = {http://www.abntex.net.br/}}

@manual{abntex2modelo,
	Annote = {Este documento {\'e} derivado do \cite{abnt-bibtex-doc}},
	Author = {Lauro C{\'e}sar Araujo},
	Date-Added = {2013-01-12 22:55:32 +0000},
	Date-Modified = {2015-04-27 22:43:32 +0000},
	Organization = {Equipe abnTeX2},
	Title = {Modelo Can{\^o}nico de Trabalho Acad{\^e}mico com abnTeX2},
	Url = {http://www.abntex.net.br/},
	Year = {2015},
	Bdsk-Url-1 = {http://www.abntex.net.br/}}

@mastersthesis{araujo2012,
	Address = {Bras{\'\i}lia},
	Author = {Lauro C{\'e}sar Araujo},
	Date-Added = {2013-01-09 11:04:42 +0000},
	Date-Modified = {2013-01-09 11:04:42 +0000},
	Month = {mar.},
	School = {Universidade de Bras{\'\i}lia},
	Subtitle = {uma perspectiva de {A}rquitetura da {I}nforma{\c c}{\~a}o da {E}scola de {B}ras{\'\i}lia},
	Title = {Configura{\c c}{\~a}o},
	Year = {2012}}

@manual{memoir,
	Address = {Normandy Park, WA},
	Author = {Peter Wilson and Lars Madsen},
	Date-Added = {2013-01-09 10:37:50 +0000},
	Date-Modified = {2013-03-21 13:23:25 +0000},
	Organization = {The Herries Press},
	Title = {The Memoir Class for Configurable Typesetting - User Guide},
	Url = {http://mirrors.ctan.org/macros/latex/contrib/memoir/memman.pdf},
	Urlaccessdate = {19 dez. 2012},
	Year = {2010},
	Bdsk-Url-1 = {http://ctan.tche.br/macros/latex/contrib/memoir/memman.pdf}}

@manual{abntex2cite-alf,
	Annote = {Este documento {\'e} derivado do \cite{abnt-bibtex-alf-doc}},
	Author = {Lauro C{\'e}sar Araujo},
	Date-Added = {2013-01-09 10:37:45 +0000},
	Date-Modified = {2015-04-27 22:43:44 +0000},
	Organization = {Equipe abnTeX2},
	Title = {O pacote abntex2cite: t{\'o}picos espec{\'\i}ficos da ABNT NBR 10520:2002 e o estilo bibliogr{\'a}fico alfab{\'e}tico (sistema autor-data)},
	Url = {http://www.abntex.net.br/},
	Year = {2015},
	Bdsk-Url-1 = {http://www.abntex.net.br/}}

@manual{abntex2cite,
	Annote = {Este documento {\'e} derivado do \cite{abnt-bibtex-doc}},
	Author = {Lauro C{\'e}sar Araujo},
	Date-Added = {2013-01-09 10:37:45 +0000},
	Date-Modified = {2015-04-27 22:43:38 +0000},
	Organization = {Equipe abnTeX2},
	Title = {O pacote abntex2cite: Estilos bibliogr{\'a}ficos compat{\'\i}veis com a ABNT NBR 6023},
	Url = {http://www.abntex.net.br/},
	Year = {2015},
	Bdsk-Url-1 = {http://www.abntex.net.br/}}

@manual{abntex2classe,
	Author = {Lauro C{\'e}sar Araujo},
	Date-Added = {2013-01-09 10:37:38 +0000},
	Date-Modified = {2015-04-27 22:42:47 +0000},
	Organization = {Equipe abnTeX2},
	Title = {A classe abntex2: Modelo can{\^o}nico de trabalhos acad{\^e}micos brasileiros compat{\'\i}vel com as normas ABNT NBR 14724:2011, ABNT NBR 6024:2012 e outras},
	Url = {http://www.abntex.net.br/},
	Year = {2015},
	Bdsk-Url-1 = {http://www.abntex.net.br/}}

@manual{NBR10520:2002,
	Address = {Rio de Janeiro},
	Date-Added = {2012-12-15 21:43:38 +0000},
	Date-Modified = {2013-01-12 22:17:20 +0000},
	Month = {ago.},
	Org-Short = {ABNT},
	Organization = {Associa{\c c}\~ao Brasileira de Normas T\'ecnicas},
	Pages = 7,
	Subtitle = {Informa{\c c}\~ao e documenta{\c c}\~ao --- Apresenta{\c c}\~ao de cita{\c c}\~oes em documentos},
	Title = {{NBR} 10520},
	Year = 2002}

@manual{NBR6024:2012,
	Address = {Rio de Janeiro},
	Date-Added = {2012-12-15 21:24:06 +0000},
	Date-Modified = {2012-12-15 21:24:28 +0000},
	Month = {fev.},
	Org-Short = {ABNT},
	Organization = {Associa{\c c}\~ao Brasileira de Normas T\'ecnicas},
	Pages = 4,
	Subtitle = {Numera{\c c}\~ao progressiva das se{\c c}\~oes de um documento},
	Title = {{NBR} 6024},
	Year = 2012}

@manual{NBR6028:2003,
	Address = {Rio de Janeiro},
	Date-Added = {2012-12-15 21:02:12 +0000},
	Date-Modified = {2012-12-15 21:02:50 +0000},
	Month = {nov.},
	Org-Short = {ABNT},
	Organization = {Associa{\c c}\~ao Brasileira de Normas T\'ecnicas},
	Pages = 2,
	Subtitle = {Resumo - Apresenta{\c c}{\~a}o},
	Title = {{NBR} 6028},
	Year = 2003}

@manual{NBR14724:2001,
	Address = {Rio de Janeiro},
	Date-Added = {2012-12-15 20:34:08 +0000},
	Date-Modified = {2012-12-15 20:34:08 +0000},
	Month = {jul.},
	Org-Short = {ABNT},
	Organization = {Associa{\c c}\~ao Brasileira de Normas T\'ecnicas},
	Pages = 6,
	Subtitle = {Informa{\c c}\~ao e documenta{\c c}\~ao --- trabalhos acad\^emicos --- apresenta{\c c}\~ao},
	Title = {{NBR} 14724},
	Year = 2001}

@manual{NBR14724:2002,
	Address = {Rio de Janeiro},
	Date-Added = {2012-12-15 20:34:17 +0000},
	Date-Modified = {2012-12-15 20:34:17 +0000},
	Month = {ago.},
	Org-Short = {ABNT},
	Organization = {Associa{\c c}\~ao Brasileira de Normas T\'ecnicas},
	Pages = 6,
	Subtitle = {Informa{\c c}\~ao e documenta{\c c}\~ao --- trabalhos acad\^emicos --- apresenta{\c c}\~ao},
	Title = {{NBR} 14724},
	Year = 2002}

@manual{NBR14724:2005,
	Address = {Rio de Janeiro},
	Date-Added = {2012-12-15 20:34:08 +0000},
	Date-Modified = {2012-12-15 20:35:25 +0000},
	Month = {dez.},
	Org-Short = {ABNT},
	Organization = {Associa{\c c}\~ao Brasileira de Normas T\'ecnicas},
	Pages = 9,
	Subtitle = {Informa{\c c}\~ao e documenta{\c c}\~ao --- trabalhos acad\^emicos --- apresenta{\c c}\~ao},
	Title = {{NBR} 14724},
	Year = 2005}

@manual{NBR14724:2011,
	Address = {Rio de Janeiro},
	Date-Added = {2012-12-15 20:34:08 +0000},
	Date-Modified = {2012-12-15 20:35:25 +0000},
	Month = {mar.},
	Note = {Substitui a Ref.~\citeonline{NBR14724:2005}},
	Org-Short = {ABNT},
	Organization = {Associa{\c c}\~ao Brasileira de Normas T\'ecnicas},
	Pages = 15,
	Subtitle = {Informa{\c c}\~ao e documenta{\c c}\~ao --- trabalhos acad\^emicos --- apresenta{\c c}\~ao},
	Title = {{NBR} 14724},
	Year = 2011}

@article{van86,
	Author = {{van}, Gigch, John P. and Leo L. Pipino},
	Journal = {Future Computing Systems},
	Number = {1},
	Pages = {71-97},
	Title = {In search for a paradigm for the discipline of information systems},
	Volume = {1},
	Year = {1986}}

@phdthesis{guizzardi2005,
	Address = {Enschede, The Netherlands},
	Author = {Giancarlo Guizzardi},
	Date-Added = {2012-04-23 11:35:28 +0000},
	Date-Modified = {2012-04-23 11:35:28 +0000},
	School = {Centre for Telematics and Information Technology, University of Twente},
	Title = {Ontological Foundations for Structural Conceptual Models},
	Url = {http://www.loa.istc.cnr.it/Guizzardi/SELMAS-CR.pdf},
	Urlaccessdate = {3 jul. 2011},
	Year = {2005},
	Bdsk-Url-1 = {http://www.loa.istc.cnr.it/Guizzardi/SELMAS-CR.pdf}}

@mastersthesis{macedo2005,
	Author = {Fl{\'a}via L. Macedo},
	Date-Added = {2012-04-23 11:35:13 +0000},
	Date-Modified = {2012-04-23 11:35:13 +0000},
	Keywords = {arquitetura da informa{\c c}{\~a}o},
	School = {Universidade de Bras{\'\i}lia},
	Title = {Arquitetura da Informa{\c c}{\~a}o: aspectos espistemol{\'o}gicos, cient{\'\i}ficos e pr{\'a}ticos.},
	Type = {Disserta{\c c}{\~a}o de Mestrado},
	Year = {2005}}

@manual{EIA649B,
	Address = {EUA},
	Date-Added = {2012-04-23 11:34:59 +0000},
	Date-Modified = {2012-04-23 11:34:59 +0000},
	Keywords = {norma},
	Month = {June},
	Organization = {TechAmerica},
	Title = {ANSI/EIA 649-B: Configuration Management Standard},
	Year = {2011}}

@inproceedings{masolo2010,
	Author = {Claudio Masolo},
	Booktitle = {Proceedings of the Twelfth International Conference on the Principles of Knowledge Representation and Reasoning (KR 2010)},
	Date-Added = {2012-04-23 11:34:38 +0000},
	Date-Modified = {2012-04-23 11:34:38 +0000},
	Editor = {Lin, F. and Sattler, U.},
	Pages = {258-268},
	Publisher = {AAAI Press},
	Title = {Understanding Ontological Levels},
	Url = {http://wiki.loa-cnr.it/Papers/kr10v0.7.pdf},
	Urlaccessdate = {2 jan. 2012},
	Year = {2010},
	Bdsk-Url-1 = {http://wiki.loa-cnr.it/Papers/kr10v0.7.pdf}}

@inbook{guarino1995,
	Address = {Vienna},
	Author = {Nicola Guarino},
	Booktitle = {Philosophy and the Cognitive Science},
	Date-Added = {2012-04-23 11:34:29 +0000},
	Date-Modified = {2012-04-23 11:34:29 +0000},
	Editor = {R. Casati and B. Smith and G. White},
	Month = {Sept.},
	Pages = {443-456},

	Publisher = {Holder-Pivhler-Tempsky},
	Title = {The Ontological Level},
	Url = {http://wiki.loa-cnr.it/Papers/OntLev.pdf},
	Urlaccessdate = {2 jan. 2012},
	Year = {1995},
	Bdsk-Url-1 = {http://wiki.loa-cnr.it/Papers/OntLev.pdf}}

@incollection{bates2010,
	Address = {New York},
	Author = {Marcia J. Bates},
	Booktitle = {Encyclopedia of Library and Information Sciences},
	Date-Added = {2012-04-23 11:34:29 +0000},
	Date-Modified = {2012-04-23 11:34:29 +0000},
	Edition = {3rd},
	Editor = {Marcia J. Bates and Mary Niles Maack},
	Pages = {2347-2360},
	Publisher = {CRC Press},
	Title = {Information},
	Url = {http://pages.gseis.ucla.edu/faculty/bates/articles/information.html},
	Urlaccessdate = {24 out. 2011},
	Volume = {3},
	Year = {2010},
	Bdsk-Url-1 = {http://pages.gseis.ucla.edu/faculty/bates/articles/information.html}}

@book{doxiadis1965,
	Author = {Constantinos A. Doxiadis},
	Date-Added = {2012-04-23 11:34:20 +0000},
	Date-Modified = {2012-04-23 11:34:20 +0000},
	Publisher = {Ceira - Coimbra},
	Title = {Arquitetura em Transi{\c c}{\~a}o},
	Year = {1965}}

@book{dewey1980,
	Address = {New York, NY, USA},
	Author = {John Dewey},
	Date-Added = {2012-04-23 11:34:16 +0000},
	Date-Modified = {2012-04-23 11:34:16 +0000},
	Publisher = {Perigee Books},
	Title = {Art as Experience},
	Year = {1980}}
